<?xml version="1.0" encoding="UTF-8"?><collection xmlns="http://www.loc.gov/MARC21/slim"><record><leader>00666nam--2200193-i-4500</leader><controlfield tag="001">000006988</controlfield><controlfield tag="002">20161230</controlfield><controlfield tag="005">20161230201027</controlfield><controlfield tag="008">060222s1000------------r-----000-0-eng-d</controlfield><datafield ind1=" " ind2=" " tag="040"><subfield code="a">IFIN-HH</subfield></datafield><datafield ind1=" " ind2=" " tag="080"><subfield code="a">538.3:535.1</subfield></datafield><datafield ind1="1" ind2=" " tag="100"><subfield code="a">Becker, Richard</subfield></datafield><datafield ind1="1" ind2="0" tag="245"><subfield code="a">Electromagnetic fields and interactions</subfield><subfield code="b">Vol.2: quantum theory of atoms and radiation. edited by profesor fritz sauter. translated by ivor teissier</subfield><subfield code="c">Richard becker</subfield></datafield><datafield ind1=" " ind2=" " tag="260"><subfield code="a">New York</subfield><subfield code="b">Blaisdell Publishing Company</subfield><subfield code="c">1964</subfield></datafield><datafield ind1=" " ind2=" " tag="300"><subfield code="a">IX + 403 P</subfield></datafield><datafield ind1=" " ind2=" " tag="490"><subfield code="a">A Blaisdell Book In The Pure And Applied Sciences</subfield></datafield><datafield ind1="1" ind2=" " tag="700"><subfield code="a">Sauter, Fritz</subfield></datafield><datafield ind1=" " ind2=" " tag="852"><subfield code="a">20424</subfield><subfield code="c">537:538</subfield></datafield><datafield ind1=" " ind2=" " tag="CAT"><subfield code="a">Sys</subfield><subfield code="c">20110614</subfield><subfield code="h">101749</subfield></datafield></record></collection>